<collection xmlns="http://www.loc.gov/MARC21/slim">
<record>
  <leader>01582nam0a22003371i 450 </leader>
  <controlfield tag="001">IT\ICCU\CNCE\070048</controlfield>
  <controlfield tag="005">20080225000000.0</controlfield>
  <datafield tag="012" ind1=" " ind2=" ">
    <subfield code="a">st** e.le nulu oioi (C) 1506 (A)</subfield>
    <subfield code="2">fei</subfield>
  </datafield>
  <datafield tag="100" ind1=" " ind2=" ">
    <subfield code="a">20070323d1506        0itac0103    ba</subfield>
  </datafield>
  <datafield tag="101" ind1=" " ind2=" ">
    <subfield code="a">LAT</subfield>
  </datafield>
  <datafield tag="102" ind1=" " ind2=" ">
    <subfield code="a">IT</subfield>
  </datafield>
  <datafield tag="200" ind1="1" ind2=" ">
    <subfield code="a">Tractatus summularum logice Pauli Veneti</subfield>
  </datafield>
  <datafield tag="210" ind1=" " ind2=" ">
    <subfield code="e">Impresse Venetijs</subfield>
    <subfield code="g">per Petrum de Quarenghis Pergomensem</subfield>
    <subfield code="h">1506 die 7 Nouembris</subfield>
  </datafield>
  <datafield tag="215" ind1=" " ind2=" ">
    <subfield code="a">\48! c.</subfield>
    <subfield code="c">ill.</subfield>
    <subfield code="d">4ʻ</subfield>
  </datafield>
  <datafield tag="620" ind1=" " ind2=" ">
    <subfield code="a">IT</subfield>
    <subfield code="d">Venezia</subfield>
  </datafield>
  <datafield tag="700" ind1=" " ind2="0">
    <subfield code="a">Paolo</subfield>
    <subfield code="c"> : Veneto</subfield>
    <subfield code="3">IT\ICCU\CNCA\001113</subfield>
  </datafield>
  <datafield tag="712" ind1="0" ind2="0">
    <subfield code="a">Quarengi, Pietro</subfield>
    <subfield code="3">IT\ICCU\CNCT\000465</subfield>
    <subfield code="4">650</subfield>
  </datafield>
  <datafield tag="790" ind1=" " ind2="1">
    <subfield code="a">Nicoletti,</subfield>
    <subfield code="b">Paolo</subfield>
    <subfield code="3">IT\ICCU\CNCA\005499</subfield>
    <subfield code="z">Paolo : Veneto</subfield>
  </datafield>
  <datafield tag="790" ind1=" " ind2="0">
    <subfield code="a">Paulus</subfield>
    <subfield code="c"> : Venetus</subfield>
    <subfield code="3">IT\ICCU\CNCA\014707</subfield>
    <subfield code="z">Paolo : Veneto</subfield>
  </datafield>
  <datafield tag="790" ind1=" " ind2="0">
    <subfield code="a">Paolo</subfield>
    <subfield code="c"> : da#Venezia</subfield>
    <subfield code="3">IT\ICCU\CNCA\021500</subfield>
    <subfield code="z">Paolo : Veneto</subfield>
  </datafield>
  <datafield tag="791" ind1="0" ind2="2">
    <subfield code="a">Petrus Bergomensis</subfield>
    <subfield code="3">IT\ICCU\CNCT\002539</subfield>
    <subfield code="z">Quarengi, Pietro</subfield>
  </datafield>
  <datafield tag="791" ind1="0" ind2="0">
    <subfield code="a">Quirenti, Petrus de</subfield>
    <subfield code="3">IT\ICCU\CNCT\004062</subfield>
    <subfield code="z">Quarengi, Pietro</subfield>
  </datafield>
  <datafield tag="791" ind1="0" ind2="2">
    <subfield code="a">Petrus Bergomas</subfield>
    <subfield code="3">IT\ICCU\CNCT\005263</subfield>
    <subfield code="z">Quarengi, Pietro</subfield>
  </datafield>
  <datafield tag="791" ind1="0" ind2="0">
    <subfield code="a">Quarengiis, Petrus de</subfield>
    <subfield code="3">IT\ICCU\CNCT\005264</subfield>
    <subfield code="z">Quarengi, Pietro</subfield>
  </datafield>
  <datafield tag="791" ind1="0" ind2="0">
    <subfield code="a">Bergamo, Petrus de</subfield>
    <subfield code="3">IT\ICCU\CNCT\005265</subfield>
    <subfield code="z">Quarengi, Pietro</subfield>
  </datafield>
  <datafield tag="791" ind1="0" ind2="0">
    <subfield code="a">Quarenghis, Petrus de</subfield>
    <subfield code="3">IT\ICCU\CNCT\005268</subfield>
    <subfield code="z">Quarengi, Pietro</subfield>
  </datafield>
  <datafield tag="791" ind1="0" ind2="0">
    <subfield code="a">Quarengius, Ioannes Petrus</subfield>
    <subfield code="3">IT\ICCU\CNCT\005270</subfield>
    <subfield code="z">Quarengi, Pietro</subfield>
  </datafield>
  <datafield tag="801" ind1=" " ind2="3">
    <subfield code="a">IT</subfield>
    <subfield code="b">ICCU</subfield>
    <subfield code="c">20201115</subfield>
  </datafield>
  <datafield tag="899" ind1=" " ind2=" ">
    <subfield code="a">Biblioteca Apostolica Vaticana. Citt ̉del Vaticano</subfield>
    <subfield code="1">EX0001</subfield>
    <subfield code="2">ZCV 01</subfield>
  </datafield>
  <datafield tag="899" ind1=" " ind2=" ">
    <subfield code="a">Biblioteca comunale Augusta. Perugia</subfield>
    <subfield code="1">PG0109</subfield>
    <subfield code="2">UM1 01</subfield>
  </datafield>
  <datafield tag="899" ind1=" " ind2=" ">
    <subfield code="a">Biblioteche della Fondazione Giorgio Cini onlus. Venezia</subfield>
    <subfield code="1">VE0239</subfield>
    <subfield code="2">VEA FC</subfield>
  </datafield>
</record>
</collection>
